<record><leader>00000cas a2200000 a 4500</leader><controlfield tag="001">9833256</controlfield><controlfield tag="008">830822d18191922nyuwr ne      0    0eng c</controlfield><datafield ind1=" " ind2=" " tag="010"><subfield code="a">sn 83031222 </subfield></datafield><datafield ind1=" " ind2=" " tag="040"><subfield code="a">NPU</subfield><subfield code="b">eng</subfield><subfield code="c">NPU</subfield><subfield code="d">DLC</subfield><subfield code="d">NPA</subfield><subfield code="d">NPX</subfield><subfield code="d">NJW</subfield><subfield code="d">NYS</subfield><subfield code="d">KNP</subfield><subfield code="d">NYS</subfield><subfield code="d">KNP</subfield><subfield code="d">NYS</subfield><subfield code="d">CNK</subfield><subfield code="d">NYS</subfield><subfield code="d">TGN</subfield><subfield code="d">CVF</subfield><subfield code="d">DLC</subfield><subfield code="d">IUL</subfield><subfield code="d">NYS</subfield><subfield code="d">KRTAS</subfield><subfield code="d">DLC</subfield><subfield code="d">OCLCQ</subfield><subfield code="d">OCLCF</subfield></datafield><datafield ind1="1" ind2=" " tag="029"><subfield code="a">NZ1</subfield><subfield code="b">16072835</subfield></datafield><datafield ind1=" " ind2=" " tag="042"><subfield code="a">pcc</subfield></datafield><datafield ind1=" " ind2=" " tag="043"><subfield code="a">n-us-ny</subfield></datafield><datafield ind1="0" ind2="0" tag="050"><subfield code="a">Newspaper</subfield></datafield><datafield ind1="0" ind2=" " tag="130"><subfield code="a">Freeman's journal (Cooperstown, N.Y. : 1819)</subfield></datafield><datafield ind1="1" ind2="4" tag="245"><subfield code="a">The freeman's journal.</subfield></datafield><datafield ind1="3" ind2="0" tag="246"><subfield code="a">Freeman's journal with which is combined the Milford tidings</subfield></datafield><datafield ind1="1" ind2="3" tag="246"><subfield code="a">Milford tidings</subfield><subfield code="f">&lt;1922&gt;</subfield></datafield><datafield ind1=" " ind2=" " tag="260"><subfield code="a">Cooperstown, Otsego County, N.Y. :</subfield><subfield code="b">J.H. Prentiss</subfield></datafield><datafield ind1=" " ind2=" " tag="300"><subfield code="a">v. ;</subfield><subfield code="c">53-60 cm.</subfield></datafield><datafield ind1=" " ind2=" " tag="310"><subfield code="a">Weekly</subfield></datafield><datafield ind1="1" ind2=" " tag="362"><subfield code="a">Began 1819.</subfield></datafield><datafield ind1="0" ind2=" " tag="362"><subfield code="a">-v. 114, no. 23 (Jan. 4, 1922).</subfield></datafield><datafield ind1=" " ind2=" " tag="500"><subfield code="a">Published as: Freeman's journal with which is combined the Milford tidings, May 28, 1919-June 2, 1920.</subfield></datafield><datafield ind1=" " ind2=" " tag="500"><subfield code="a">Publishers: John H. Prentiss, 1819-&lt;1845&gt;; Samuel M. Shaw, &lt;1851-1876&gt;; S.M. Shaw &amp; Co., &lt;1883&gt;; Freeman's Journal Co., &lt;1918&gt;-1922.</subfield></datafield><datafield ind1=" " ind2=" " tag="500"><subfield code="a">Editor: Samuel M. Shaw, &lt;1857-1876&gt;.</subfield></datafield><datafield ind1=" " ind2=" " tag="500"><subfield code="a">"Democratic," &lt;1861-1868&gt;; "Democratic-Republican," &lt;1875-1876&gt;; "Democratic," &lt;1918&gt;.</subfield></datafield><datafield ind1="4" ind2=" " tag="510"><subfield code="a">Brigham, C.S. Amer. newspapers</subfield><subfield code="c">p. 567</subfield></datafield><datafield ind1=" " ind2=" " tag="530"><subfield code="a">Also issued on microfilm and microopaque from Readex Microprint Corp.</subfield></datafield><datafield ind1=" " ind2=" " tag="580"><subfield code="a">Merged with: Oneonta press and Otsego County Democrat; to form: Freeman's journal and the Oneonta press.</subfield></datafield><datafield ind1=" " ind2=" " tag="580"><subfield code="a">Daily summer ed.: Glimmerglass.</subfield></datafield><datafield ind1=" " ind2=" " tag="588"><subfield code="a">Description based on: Vol. 12, no. 1 (Oct. 4, 1819).</subfield></datafield><datafield ind1=" " ind2="0" tag="651"><subfield code="a">Cooperstown (N.Y.)</subfield><subfield code="v">Newspapers.</subfield></datafield><datafield ind1=" " ind2="0" tag="651"><subfield code="a">Otsego County (N.Y.)</subfield><subfield code="v">Newspapers.</subfield></datafield><datafield ind1=" " ind2="7" tag="655"><subfield code="a">Newspapers.</subfield><subfield code="2">fast</subfield><subfield code="0">(OCoLC)fst01423814</subfield></datafield><datafield ind1=" " ind2="7" tag="651"><subfield code="a">New York (State)</subfield><subfield code="z">Cooperstown.</subfield><subfield code="2">fast</subfield><subfield code="0">(OCoLC)fst01219225</subfield></datafield><datafield ind1=" " ind2="7" tag="651"><subfield code="a">New York (State)</subfield><subfield code="z">Otsego County.</subfield><subfield code="2">fast</subfield><subfield code="0">(OCoLC)fst01207820</subfield></datafield><datafield ind1=" " ind2=" " tag="752"><subfield code="a">United States</subfield><subfield code="b">New York</subfield><subfield code="c">Otsego</subfield><subfield code="d">Cooperstown.</subfield></datafield><datafield ind1="1" ind2=" " tag="775"><subfield code="t">Glimmerglass</subfield><subfield code="w">(DLC)sn 83031205</subfield></datafield><datafield ind1="0" ind2="0" tag="780"><subfield code="t">Freeman's journal, and Otsego County advertiser</subfield><subfield code="w">(DLC)sn 84024312</subfield><subfield code="w">(OCoLC)11129027</subfield></datafield><datafield ind1="0" ind2="5" tag="780"><subfield code="t">Otsego tidings</subfield><subfield code="w">(DLC)sn 91066405</subfield><subfield code="w">(OCoLC)24568440</subfield></datafield><datafield ind1="1" ind2="7" tag="785"><subfield code="t">Oneonta press and Otsego County Democrat</subfield><subfield code="w">(DLC)sn 91066406</subfield><subfield code="w">(OCoLC)24661226</subfield></datafield><datafield ind1="1" ind2="7" tag="785"><subfield code="t">Freeman's journal and the Oneonta press</subfield><subfield code="w">(DLC)sn 91066400</subfield><subfield code="w">(OCoLC)24498927</subfield></datafield><datafield ind1=" " ind2=" " tag="938"><subfield code="a">Kirtas Technologies, Inc.</subfield><subfield code="b">KRTS</subfield><subfield code="n">737311</subfield></datafield></record>